@Article{Leung2012LocalSearch,
 author = {Leung, Stephen C.H. and Lin, Yangbin and Zhang, Defu},
 title = {Extended local search algorithm based on nonlinear programming for two-dimensional irregular strip packing problem},
 journal = {Computers \& Operations Research},
 year = {2012},
 volume = {39},
 number = {3},
 pages = {678--686},
}

@article{OrthogonalPackingsTwoDimensions1980,
author = {Baker, Brenda and Coffman, Ed and Rivest, Ronald},
year = {1980},
month = {11},
pages = {846-855},
title = {Orthogonal Packings in Two Dimensions},
volume = {9},
journal = {SIAM J. Comput.},
doi = {10.1137/0209064}
}

@article{BottomLeftFillHeuristic2006,
author = {Burke, Edmund and Hellier, Robert and Kendall, Graham and Whitwell, Glenn},
year = {2006},
month = {06},
pages = {587-601},
title = {A New Bottom-Left-Fill Heuristic Algorithm for the Two-Dimensional Irregular Packing Problem},
volume = {54},
journal = {Operations Research},
doi = {10.1287/opre.1060.0293}
}

@article{hybridisingsimulatedannealingandlinearprogramming2006,
author = {Gomes, A. Miguel and Oliveira, José},
year = {2006},
month = {06},
pages = {811-829},
title = {Solving Irregular Strip Packing problems by hybridising simulated annealing and linear programming},
volume = {171},
journal = {European Journal of Operational Research},
doi = {10.1016/j.ejor.2004.09.008}
}

@article{hybridheuristicfortheknapsackproblem2012,
author = {Mundim, Leandro R. and Queiroz, Thiago},
year = {2012},
month = {10},
pages = {1-6},
title = {A hybrid heuristic for the 0–1 knapsack problem with items of irregular shape},
isbn = {978-1-4673-0794-9},
journal = {38th Latin America Conference on Informatics, CLEI 2012 - Conference Proceedings},
doi = {10.1109/CLEI.2012.6427170}
}

@article{AHybridMethodologyforNestingIrregularShapes2013,
author = {Júnior, Bonfim and Pinheiro, Plácido and Saraiva, Rommel},
year = {2013},
month = {09},
pages = {},
title = {A Hybrid Methodology for Nesting Irregular Shapes: Case Study on a Textile Industry},
volume = {6},
journal = {IFAC Proceedings Volumes (IFAC-PapersOnline)},
doi = {10.3182/20130911-3-BR-3021.00056}
}

@article{DealingwithNonregularShapesPacking2014,
author = {Júnior, Bonfim and Pinheiro, Plácido and Saraiva, Rommel and Pinheiro, Pedro},
year = {2014},
month = {07},
pages = {},
title = {Dealing with Nonregular Shapes Packing},
volume = {2014},
journal = {Mathematical Problems in Engineering},
doi = {10.1155/2014/548957}
}

@article{Wasteminimizationinirregularstockcutting2013,
author = {Dalalah, Doraid and Khrais, Samir and Bataineh, Khaled},
year = {2013},
month = {01},
pages = {},
title = {Waste minimization in irregular stock cutting},
volume = {33},
journal = {Journal of Manufacturing Systems},
doi = {10.1016/j.jmsy.2013.11.003}
}

@article{AGRASPmetaheuristicfortwodimensionalirregularcuttingstockproblem2015,
author = {Mirhassani, S. A. and Jalaeian Bashirzadeh, Alireza},
year = {2015},
month = {05},
pages = {},
title = {A GRASP meta-heuristic for two-dimensional irregular cutting stock problem},
journal = {The International Journal of Advanced Manufacturing Technology},
doi = {10.1007/s00170-015-7107-1}
}

@article{Empaquetamientodeobjetosregularesenuncontenedorrectangular2016,
author = {Mosquera Artamonov, José Daniel},
year = {2016},
title = {Empaquetamiento de objetos regulares en un contenedor rectangular},
journal = {Universidad Autónoma de nuevo León, Facultad de Ingeniería Mecánica y Eléctrica, Subdirección de Estudios de Posgrado}
}
